@String{ aqc = "Adv. Quantum. Chem." }

@String{ cg = "Computer Graphics" }

@String{ cp = "Chem. Phys." }

@String{ cpc = "Comput. Phys. Commun" }

@String{ cpl = "Chem. Phys. Lett." }

@String{ cr = "Chem. Rev." }

@String{ csr = "Chem. Soc. Rev." }

@String{ ijqc = "Int. J. Quantum Chem." }

@String{ jac = "J. Appl. Cryst." }

@String{ jacs = "J. Am. Chem. Soc." }

@String{ jcp = "J. Chem. Phys." }

@String{ joml = "J. Mol. Liq." }

@String{ jcsft = "J. Chem. Soc., Faraday Trans." }

@String{ jcc = "J. Comp. Chem." }

@String{ jcop = "J. Comp. Phys." }

@String{ jmc = "J. Math. Chem." }

@String{ jmb = "J. Mol. Biol." }

@String{ jnp = "J. Nat. Prod." }

@String{ joc = "J. Org. Chem." }

@String{ jpc = "J. Phys. Chem." }

@String{ jpca = "J. Phys. Chem. A" }

@String{ jpcb = "J. Phys. Chem. B" }

@String{ jcs = "J. Chem. Sci" }

@String{ ol = "Org. Lett." }

@String{pla="Phys. Lett. A"}

@String{ pr = "Phys. Rev." }

@String{ pra = "Phys. Rev. A." }

@String{ pre = "Phys. Rev. E." }

@String{ prl = "Phys. Rev. Lett." }

@String{ prsa = "Proc. Roy. Soc. A" }

@String{ rmp = "Rev. Mod. Phys." }

@String{ s = "Science" }

@String{ tca = "Theor. Chem. Acc." }

@String{ tfs = "Trans. Farady. Soc." }

@String{ theo = "J. Mol. Struct. (THEOCHEM)" }

@String{ zpc = {Zeitschrift f{\"u}r Physikalische Chemie} }

@String{ cjc = "Can. J. Chem." }

@String{ tc = "Theochem" }

@String{ acr = "Acc. Chem. Res." }

@String{ xxx = " " }

@online{bib:xyzformat,
  author = {},
  title = {The \texttt{xzy} format: http://openbabel.org/wiki/XYZ\_\%28format\%29},
  url = {\url{http://openbabel.org/wiki/XYZ_%28format%29}},
}

@article{Curtiss2007,
author = {Larry A. Curtiss and Paul C. Redfern and Krishnan Raghavachari},
title = {Gaussian-4 theory},
journal = {J. Chem. Phys.},
volume = {126},
number = {8},
pages = {084108},
year = {2007},
doi = {10.1063/1.2436888},

URL = { 
        https://doi.org/10.1063/1.2436888
    
},
eprint = { 
        https://doi.org/10.1063/1.2436888
    
}

}

@article{bib:fpdmethod,
author = {David Feller and Kirk A. Peterson and David A. Dixon},
title = {A survey of factors contributing to accurate theoretical predictions of atomization energies and molecular structures},
journal = {J. Chem. Phys.},
volume = {129},
number = {20},
pages = {204105},
year = {2008},
doi = {10.1063/1.3008061},

URL = { 
        https://doi.org/10.1063/1.3008061
    
},
eprint = { 
        https://doi.org/10.1063/1.3008061
    
}

}

@article{bib:weismann4method,
author = {Amir Karton and Elena Rabinovich and Jan M. L. Martin and Branko Ruscic},
title = {W4 theory for computational thermochemistry: In pursuit of confident sub-kJ/mol predictions},
journal = {J. Chem. Phys.},
volume = {125},
number = {14},
pages = {144108},
year = {2006},
doi = {10.1063/1.2348881},

URL = { 
        https://doi.org/10.1063/1.2348881
    
},
eprint = { 
        https://doi.org/10.1063/1.2348881
    
}

}

@book{bib:goldstein,
  author = {Herbert Goldstein},
  title = {Classical Mechanics},
  publisher = aw,  year = 1959, address = {Reading, MA} }

%%%%%%%%%%%%%%%%%%%%%%%%%%%%%%%%%%%%%%%%%%%%%


@Article{ hernandez-trujillo00jpca104_1779,
	author = "J. Hernandez-Trujillo and R. F. W. Bader",
	title = "Properties of Atoms in Molecules: Atoms Forming Molecules",
	year = 2000,
	journal = jpca,
	volume = 104,
	pages = "1779--1794"
}

@Article{ hernandez-cobos95jcp103_9261,
	author = "J. Hernandez-Cobos and I. Ortega-Blake",
	collaboration = "",
	title = "Hydrophobic hydration in methanol aqueous solutions",
	publisher = "AIP",
	year = 1995,
	journal = jcp,
	volume = 103,
	number = 21,
	pages = "9261--9273",
	keywords = "AB INITIO CALCULATIONS, AQUEOUS SOLUTIONS, COMPUTERIZED SIMULATION, HYDRATION, HYDROXYL RADICALS, LIQUID STRUCTURE, METHANOL, MONTE CARLO METHOD, POLARIZATION",
	url = "http://link.aip.org/link/?JCP/103/9261/1"
}

@Article{ svishchev94jcp100_5166.pdf,
	author = "I. M. Svishchev and P. G. Kusalik",
	collaboration = "",
	title = "Structure in liquid methanol from spatial distribution functions",
	publisher = "AIP",
	year = 1994,
	journal = jcp,
	volume = 100,
	number = 7,
	pages = "5165--5171",
	keywords = "METHANOL, LIQUIDS, STRUCTURE FACTORS, DISTRIBUTION FUNCTIONS, SPATIAL DISTRIBUTION, ATOMS, OXYGEN, CARBON, EQUILIBRIUM, HYDROGEN BONDS",
	url = "http://link.aip.org/link/?JCP/100/5165/1"
}

@Article{ triolo75jcp56_3624.pdf,
	author = "R. Triolo and A. H. Narten",
	collaboration = "",
	title = "Diffraction pattern and structure of aqueous hydrochloric acid solutions at 20 [degree]C",
	publisher = "AIP",
	year = 1975,
	journal = jcp,
	volume = 63,
	number = 8,
	pages = "3624--3631",
	keywords = "DEUTERIUM, ISOTOPE EFFECTS, WATER, HYDROCHLORIC ACID, BOND LENGTHS, COMPLEXES",
	url = "http://link.aip.org/link/?JCP/63/3624/1"
}

@Article{ svishchev99jcp93_3050,
	author = "I. M. Svishchev and P. G. Kusalik",
	collaboration = "",
	title = "Structure in liquid water: A study of spatial distribution functions",
	publisher = "AIP",
	year = 1993,
	journal = jcp,
	volume = 99,
	number = 4,
	pages = "3049--3058",
	keywords = "WATER, LIQUID STRUCTURE, SPATIAL DISTRIBUTION, DISTRIBUTION FUNCTIONS, COORDINATES, EQUILIBRIUM, MOLECULAR DYNAMICS CALCULATIONS, TEMPERATURE RANGE 0065\&\#150, 0273 K, TEMPERATURE RANGE 0273\&\#150, 0400 K",
	url = "http://link.aip.org/link/?JCP/99/3049/1"
}

@Article{ narten72jcp56_5681,
	author = "A. H. Narten",
	collaboration = "",
	title = "Liquid Water: Atom Pair Correlation Functions from Neutron and X-Ray Diffraction",
	publisher = "AIP",
	year = 1972,
	journal = jcp,
	volume = 56,
	number = 11,
	pages = "5681--5687",
	url = "http://link.aip.org/link/?JCP/56/5681/1"
}

@Article{ narten71jcp55_2263,
	author = "A. H. Narten and H. A. Levy",
	collaboration = "",
	title = "Liquid Water: Molecular Correlation Functions from X-Ray Diffraction",
	publisher = "AIP",
	year = 1971,
	journal = jcp,
	volume = 55,
	number = 5,
	pages = "2263--2269",
	url = "http://link.aip.org/link/?JCP/55/2263/1"
}

@Article{ narten68jcp49_1692,
	author = "A. H. Narten",
	collaboration = "",
	title = "Diffraction Pattern and Structure of the System Water--Ammonia at 4[degree]C",
	publisher = "AIP",
	year = 1968,
	journal = jcp,
	volume = 49,
	number = 4,
	pages = "1692--1696",
	url = "http://link.aip.org/link/?JCP/49/1692/1"
}

@Article{ schmider96jcp105_11134,
	author = "Hartmut Schmider",
	collaboration = "",
	title = "A parity function for studying the molecular electronic structure",
	publisher = "AIP",
	year = 1996,
	journal = jcp,
	volume = 105,
	number = 24,
	pages = "11134--11142",
	keywords = "MOLECULAR STRUCTURE, ELECTRONIC STRUCTURE, CHEMICAL BONDS, DENSITY MATRIX, PARITY, WIGNER THEORY, CHARGE DENSITY, AUTOCORRELATIONS, CORRELATION FUNCTIONS",
	url = "http://link.aip.org/link/?JCP/105/11134/1"
}

@Article{ schmider96jcp105_3627,
	author = "Hartmut Schmider",
	collaboration = "",
	title = "``Low-momentum electrons'' and the electronic structure of small molecules",
	publisher = "AIP",
	year = 1996,
	journal = jcp,
	volume = 105,
	number = 9,
	pages = "3627--3635",
	keywords = "CHEMICAL BONDS, ELECTRONIC STRUCTURE, FOCK METHOD, HARTREE\&\#150, HYDROGEN MOLECULES, METHANE, NITROGEN MOLECULES, PHASE SPACE, WATER, WIGNER DISTRIBUTION",
	url = "http://link.aip.org/link/?JCP/105/3627/1"
}

@Article{ schmider92jcp96_8410,
	author = "Hartmut Schmider and Kenneth E. Edgecombe and Jr. Vedene H. Smith and Wolf Weyrich",
	collaboration = "",
	title = "One-particle density matrices along the molecular bonds in linear molecules",
	publisher = "AIP",
	year = 1992,
	journal = jcp,
	volume = 96,
	number = 11,
	pages = "8411--8419",
	keywords = "CHEMICAL BONDS, COUPLING, DENSITY MATRIX, DIATOMIC MOLECULES, DIMENSIONAL CALCULATIONS, ELECTRONS, LINEAR CHAINS, MOLECULES, POLYATOMIC MOLECULES, TWO\&\#150, WAVE FUNCTIONS",
	url = "http://link.aip.org/link/?JCP/96/8411/1"
}

@Article{ schmider02jcp116_3184.pdf,
	author = "Hartmut L. Schmider and Axel D. Becke",
	collaboration = "",
	title = "Two functions of the density matrix and their relation to the chemical bond",
	publisher = "AIP",
	year = 2002,
	journal = jcp,
	volume = 116,
	number = 8,
	pages = "3184--3193",
	keywords = "bonds (chemical), molecular electronic states, hydrogen bonds, wave functions",
	url = "http://link.aip.org/link/?JCP/116/3184/1"
}

@Article{ vanerp03jcp118_8831,
	author = "Titus S. {van Erp} and Evert Jan Meijer",
	collaboration = "",
	title = "Ab initio molecular dynamics study of aqueous solvation of ethanol and ethylene",
	publisher = "AIP",
	year = 2003,
	journal = jcp,
	volume = 118,
	number = 19,
	pages = "8831--8840",
	keywords = "organic compounds, solvation, density functional theory, ab initio calculations, molecular dynamics method, liquid structure, hydrogen bonds, neutron diffraction, molecular moments",
	url = "http://link.aip.org/link/?JCP/118/8831/1"
}

@Article{ kusalik00jcp114_8036,
	author = "Peter G. Kusalik and Dan Bergman and Aatto Laaksonen",
	collaboration = "",
	title = "The local structure in liquid methylamine and methylamine--water mixtures",
	publisher = "AIP",
	year = 2000,
	journal = jcp,
	volume = 113,
	number = 18,
	pages = "8036--8046",
	keywords = "organic compounds, liquid structure, digital simulation, hydrogen bonds, molecular dynamics method, association, liquid mixtures",
	url = "http://link.aip.org/link/?JCP/113/8036/1"
}

@Article{ hernandez-cobos93jcp99_9122,
	author = "J. Hernandez-Cobos and I. Ortega-Blake and M. Bonilla-Marin and M. Moreno-Bello",
	collaboration = "",
	title = "A refined Monte Carlo study of aqueous urea solutions",
	publisher = "AIP",
	year = 1993,
	journal = jcp,
	volume = 99,
	number = 11,
	pages = "9122--9134",
	keywords = "AQUEOUS SOLUTIONS, UREA, MONTE CARLO METHOD, MODIFICATIONS, POTENTIALS, INTERMOLECULAR FORCES, EQUILIBRIUM, DISTRIBUTION FUNCTIONS, DIMERIZATION, STRUCTURE FACTORS, MOLECULAR DYNAMICS CALCULATIONS",
	url = "http://link.aip.org/link/?JCP/99/9122/1"
}

@Article{ bader68jcp49_1653,
	author = "R. F. W. Bader and A. D. Bandrauk",
	collaboration = "",
	title = "Molecular Charge Distributions and Chemical Binding. III. The Isoelectronic Series N[sub 2], CO, BF, and C[sub 2], BeO, LiF",
	publisher = "AIP",
	year = 1968,
	journal = jcp,
	volume = 49,
	number = 4,
	pages = "1653--1665",
	url = "http://link.aip.org/link/?JCP/49/1653/1"
}

@Article{ bader67jcp47_3381,
	author = "R. F. W. Bader and Ian Keaveny and Paul E. Cade",
	collaboration = "",
	title = "Molecular Charge Distributions and Chemical Binding. II. First-Row Diatomic Hydrides, AH",
	publisher = "AIP",
	year = 1967,
	journal = jcp,
	volume = 47,
	number = 9,
	pages = "3381--3402",
	url = "http://link.aip.org/link/?JCP/47/3381/1"
}

@Article{ bader67jcp46_3341,
	author = "R. F. W. Bader and W. H. Henneker and Paul E. Cade",
	collaboration = "",
	title = "Molecular Charge Distributions and Chemical Binding",
	publisher = "AIP",
	year = 1967,
	journal = jcp,
	volume = 46,
	number = 9,
	pages = "3341--3363",
	url = "http://link.aip.org/link/?JCP/46/3341/1"
}

@Article{ bader04jpca108_8385,
	author = "R. F. W. Bader and C. F. Matta",
	title = "Atomic Charges Are Measurable Quantum Expectation Values: A Rebuttal of Criticisms of QTAIM Charges",
	journal = jpca,
	year = 2004,
	key = "AIM,charges",
	volume = 108,
	pages = "8385--8394"
}

@Article{ bader67jacs87_3063,
	author = "R. F. W. Bader and W. H. Henneker",
	title = "The Ionic Bond",
	journal = jacs,
	year = 1967,
	volume = 87,
	pages = "3063--3068"
}

@Article{ bader96jacs118_4959,
	author = "R. F. W. Bader and A. Streitwieser and A. Neuhau and K. E. Laidig and P. Speers",
	title = "Electron Delocalization and the Fermi Hole",
	journal = jacs,
	year = 1996,
	key = "Fermi hole",
	volume = 118,
	pages = "4959--4965"
}

@Article{ soper93prl71_4346,
	author = "A. K. Soper and J. L. Finney",
	title = "Hydration of Methanol in Aqueous Solutions",
	journal = prl,
	year = 1993,
	key = "methanol",
	volume = 71,
	pages = "4346--4349"
}

@Article{ gadre91jcp94_8040,
	author = "Shridhar R. Gadre and Ajay C. Limaye and Sudhir A. Kulkarni",
	collaboration = "",
	title = "Some investigations of symmetry and extremal properties of molecular electron momentum densities",
	publisher = "AIP",
	year = 1991,
	journal = jcp,
	volume = 94,
	number = 12,
	pages = "8040--8046",
	keywords = "MOLECULES, ELECTRONIC STRUCTURE, MOMENTUM DENSITY, SYMMETRY, POINT GROUPS, METHANE, WATER, HYDROCYANIC ACID, AMMONIA, ACETYLENE, ETHYLENE, ETHANE, CARBON MONOXIDE",
	url = "http://link.aip.org/link/?JCP/94/8040/1"
}

@Article{ gadre92jcp96_5253,
	author = "Shridhar R. Gadre and Sudhir A. Kulkarni and Indira H. Shrivastava",
	collaboration = "",
	title = "Molecular electrostatic potentials: A topographical study",
	publisher = "AIP",
	year = 1992,
	journal = jcp,
	Volume = 96,
	number = 7,
	pages = "5253--5260",
	keywords = "MOLECULES, COULOMB FIELD, TOPOGRAPHY, HYDROXIDES, MOLECULAR IONS, ANIONS, MOLECULAR STRUCTURE, LINEAR CHAINS",
	url = "http://link.aip.org/link/?JCP/96/5253/1"
}

@Article{ schlegel84jcp80_1976,
	author = "H. Bernhard Schlegel and J. Stephen Binkley and John A. Pople",
	collaboration = "",
	title = "First and second derivatives of two electron integrals over Cartesian Gaussians using Rys polynomials",
	publisher = "AIP",
	year = 1984,
	journal = jcp,
	volume = 80,
	number = 5,
	pages = "1976--1981",
	keywords = "MOLECULAR ORBITAL METHOD, MOLECULES, ELECTRONIC STRUCTURE, INTEGRALS, ALGORITHMS",
	url = "http://link.aip.org/link/?JCP/80/1976/1"
}

@Article{ schlegel82jcp77_3676,
	author = "H. Bernhard Schlegel",
	collaboration = "",
	title = "An efficient algorithm for calculating ab initio energy gradients using s, p Cartesian Gaussians",
	publisher = "AIP",
	year = 1982,
	journal = jcp,
	volume = 77,
	number = 7,
	pages = "3676--3681",
	keywords = "ALGORITHMS, OPTIMIZATION, MOLECULAR ORBITAL METHOD, COMPUTER CODES, ELECTRONIC STRUCTURE, MOLECULAR MODELS",
	url = "http://link.aip.org/link/?JCP/77/3676/1"
}

@Article{ cossi02jcp117_43,
	author = "Maurizio Cossi and Giovanni Scalmani and Nadia Rega and Vincenzo Barone",
	collaboration = "",
	title = "New developments in the polarizable continuum model for quantum mechanical and classical calculations on molecules in solution",
	publisher = "AIP",
	year = 2002,
	journal = jcp,
	volume = 117,
	number = 1,
	pages = "43--54",
	keywords = "liquid theory, quantum theory, liquid structure",
	url = "http://link.aip.org/link/?JCP/117/43/1"
}

@Article{ cossi98jcp109_6246,
	author = "Maurizio Cossi and Vincenzo Barone",
	collaboration = "",
	title = "Analytical second derivatives of the free energy in solution by polarizable continuum models",
	publisher = "AIP",
	year = 1998,
	journal = jcp,
	volume = 109,
	number = 15,
	pages = "6246--6254",
	keywords = "free energy, solutions, liquid theory, SCF calculations, density functional theory, HF calculations",
	url = "http://link.aip.org/link/?JCP/109/6246/1"
}

@Article{ fernandez91jcp94_5032,
	author = "J. Fernandez Rico and R. Lopez and G. Ramirez",
	collaboration = "",
	title = "Molecular integrals with Slater basis. III. Three-center nuclear attraction integrals",
	publisher = "AIP",
	year = 1991,
	journal = jcp,
	volume = 94,
	number = 7,
	pages = "5032--5039",
	keywords = "ALGORITHMS, MOLECULES, INTEGRALS, SLATER METHOD, ELECTRONIC STRUCTURE, MOLECULAR ORBITAL METHOD",
	url = "http://link.aip.org/link/?JCP/94/5032/1"
}

@Article{ fernandez89jcp91_4213,
	author = "J. Fernandez Rico and R. Lopez and G. Ramirez",
	collaboration = "",
	title = "Molecular integrals with Slater basis. II. Fast computational algorithms",
	publisher = "AIP",
	year = 1989,
	journal = jcp,
	volume = 91,
	number = 7,
	pages = "4213--4222",
	keywords = "MOLECULES, ELECTRONIC STRUCTURE, ALGORITHMS, COMPUTER CALCULATIONS, MOLECULAR ORBITAL METHOD, INTEGRALS",
	url = "http://link.aip.org/link/?JCP/91/4213/1"
}

@Article{ fernandez89jcp91_4204,
	author = "J. Fernandez Rico and R. Lopez and G. Ramirez",
	collaboration = "",
	title = "Molecular integrals with Slater basis. I. General approach",
	publisher = "AIP",
	year = 1989,
	journal = jcp,
	volume = 91,
	number = 7,
	pages = "4204--4212",
	keywords = "ELECTRONIC STRUCTURE, INTEGRALS, MOLECULAR ORBITAL METHOD, ALGORITHMS, MOLECULES",
	url = "http://link.aip.org/link/?JCP/91/4204/1"
}

@Article{ fernandez94jcp101_9807,
	author = "J. Fernandez Rico and R. Lopez and G. Ramirez and C. Tablero",
	collaboration = "",
	title = "Molecular integrals with Slater basis. V. Recurrence algorithm for the exchange integrals",
	publisher = "AIP",
	year = 1994,
	journal = jcp,
	volume = 101,
	number = 11,
	pages = "9807--9816",
	keywords = "NUMERICAL SOLUTION, ANALYTICAL SOLUTION, EXCHANGE INTERACTIONS, INTEGRALS, SLATER METHOD, ACCURACY, QUANTUM NUMBERS, ALGORITHMS, RECURSION RELATIONS, INTERATOMIC DISTANCES, COST, MOLECULES",
	url = "http://link.aip.org/link/?JCP/101/9807/1"
}

@Article{ fernandez92jcp97_7613,
	author = "J. Fernandez Rico and R. Lopez and G. Ramirez",
	collaboration = "",
	title = "Molecular integrals with Slater basis. IV. Ellipsoidal coordinate methods for three-center nuclear attraction integrals",
	publisher = "AIP",
	year = 1992,
	journal = jcp,
	volume = 97,
	number = 10,
	pages = "7613--7622",
	keywords = "SLATER METHOD, MOLECULES, INTEGRALS, COORDINATES, NUCLEI, INTERACTION RANGE, NUMERICAL DATA, LEGENDRE POLYNOMIALS, ALGORITHMS",
	url = "http://link.aip.org/link/?JCP/97/7613/1"
}

@Article{ gubskaya02jcp117_5290,
	author = "Anna V. Gubskaya and Peter G. Kusalik",
	collaboration = "",
	title = "The total molecular dipole moment for liquid water",
	publisher = "AIP",
	year = 2002,
	journal = jcp,
	volume = 117,
	number = 11,
	pages = "5290--5302",
	keywords = "water, solvation, molecular moments, liquid theory, ab initio calculations, X-ray scattering, polarisability, refractive index",
	url = "http://link.aip.org/link/?JCP/117/5290/1"
}

@Article{ hernandez-trujillo01jcp115_10595,
	author = "J. Hernandez-Trujillo and R. F. W. Bader",
	collaboration = "",
	title = "Properties of atoms in molecules: Construction of one-density matrix from functional group densities",
	publisher = "AIP",
	year = 2001,
	journal = jcp,
	volume = 115,
	number = 23,
	pages = "10595--10607",
	keywords = "molecular electronic states, interpolation, digital simulation",
	url = "http://link.aip.org/link/?JCP/115/10595/1"
}

@Article{ mennucci99jcp110_6858,
	author = "B. Mennucci and R. Cammi and J. Tomasi",
	collaboration = "",
	title = "Analytical free energy second derivatives with respect to nuclear coordinates: Complete formulation for electrostatic continuum solvation models",
	publisher = "AIP",
	year = 1999,
	journal = jcp,
	volume = 110,
	number = 14,
	pages = "6858--6870",
	keywords = "free energy, solvation, heat of solution, HF calculations, density functional theory, vibrational states, infrared spectra",
	url = "http://link.aip.org/link/?JCP/110/6858/1"
}

@Article{ cammi96jcp104_4611,
	author = "Roberto Cammi and Maurizio Cossi and Jacopo Tomasi",
	collaboration = "",
	title = "Analytical derivatives for molecular solutes. III. Hartree--Fock static polarizability and hyperpolarizabilities in the polarizable continuum model",
	publisher = "AIP",
	year = 1996,
	journal = jcp,
	volume = 104,
	number = 12,
	pages = "4611--4620",
	keywords = "ALGORITHMS, HARTREE\&\#150, FOCK METHOD, MOLECULAR MODELS, POLARIZABILITY, POLYATOMIC MOLECULES, SOLUTES, AB INITIO CALCULATIONS, DIPOLE INTERACTIONS",
	url = "http://link.aip.org/link/?JCP/104/4611/1"
}

@Article{ cammi94jcp101_3888,
	author = "R. Cammi and J. Tomasi",
	collaboration = "",
	title = "Analytical derivatives for molecular solutes. II. Hartree--Fock energy first and second derivatives with respect to nuclear coordinates",
	publisher = "AIP",
	year = 1994,
	journal = jcp,
	volume = 101,
	number = 5,
	pages = "3888--3897",
	keywords = "SOLUTES, MOLECULES, HARTREE\&\#150, FOCK METHOD, NUCLEI, COORDINATES, DIELECTRIC MATERIALS, CAVITIES, SOLVATION",
	url = "http://link.aip.org/link/?JCP/101/3888/1"
}

@Article{ cammi94jcp100_7495,
	author = "R. Cammi and J. Tomasi",
	collaboration = "",
	title = "Analytical derivatives for molecular solutes. I. Hartree--Fock energy first derivatives with respect to external parameters in the polarizable continuum model",
	publisher = "AIP",
	year = 1994,
	journal = jcp,
	volume = 100,
	number = 10,
	pages = "7495--7502",
	keywords = "EQUATIONS, MOLECULES, SOLUTES, HARTREE\&\#150, FOCK METHOD, POLARIZABILITY, FREE ENERGY, PERMITTIVITY, CLASSICAL MECHANICS, BOUNDARY CONDITIONS, INTEGRALS, CAVITIES, SURFACES, SOLVATION",
	url = "http://link.aip.org/link/?JCP/100/7495/1"
}

@Article{ cui00jcp112_1133,
	author = "Qiang Cui and Martin Karplus",
	collaboration = "",
	title = "Molecular properties from combined QM/MM methods. I. Analytical second derivative and vibrational calculations",
	publisher = "AIP",
	year = 2000,
	journal = jcp,
	volume = 112,
	number = 3,
	pages = "1133--1149",
	keywords = "molecular dynamics method, quantum theory, ab initio calculations, vibrational states, infrared spectra, spectral line intensity",
	url = "http://link.aip.org/link/?JCP/112/1133/1"
}

@Article{ rinaldi04jcp120_2343,
	author = "Daniel Rinaldi and Alain Bouchy and Jean-Louis Rivail and Valerie Dillet",
	collaboration = "",
	title = "A self-consistent reaction field model of solvation using distributed multipoles. I. Energy and energy derivatives",
	publisher = "AIP",
	year = 2004,
	journal = jcp,
	volume = 120,
	number = 5,
	pages = "2343--2350",
	keywords = "solvation, free energy, reaction kinetics theory, density functional theory, wave functions",
	url = "http://link.aip.org/link/?JCP/120/2343/1"
}

@Article{ dillet96jcp104_9437,
	author = "Valerie Dillet and Daniel Rinaldi and Juan Bertran and Jean-Louis Rivail",
	collaboration = "",
	title = "Analytical energy derivatives for a realistic continuum model of solvation: Application to the analysis of solvent effects on reaction paths",
	publisher = "AIP",
	year = 1996,
	journal = jcp,
	volume = 104,
	number = 23,
	pages = "9437--9444",
	keywords = "SELF\&\#150, CONSISTENT FIELD, HARTREE\&\#150, FOCK METHOD, THERMODYNAMICS, CHEMICAL REACTION KINETICS, SOLVENT EFFECTS, POTENTIAL ENERGY SURFACES, CRITICAL POINTS",
	url = "http://link.aip.org/link/?JCP/104/9437/1"
}

@Article{ gora04jcp120_2802,
	author = "Robert W. Gora and Wojciech Bartkowiak and Szczepan Roszak and Jerzy Leszczynski",
	collaboration = "",
	title = "Intermolecular interactions in solution: Elucidating the influence of the solvent",
	publisher = "AIP",
	year = 2004,
	journal = jcp,
	volume = 120,
	number = 6,
	pages = "2802--2813",
	keywords = "solvation, solvent effects, potential energy functions, free energy, chemical potential",
	url = "http://link.aip.org/link/?JCP/120/2802/1"
}

@Article{ grossfield05jcp122_024506,
	author = "Alan Grossfield",
	collaboration = "",
	title = "Dependence of ion hydration on the sign of the ion's charge",
	publisher = "AIP",
	year = 2005,
	journal = jcp,
	volume = 122,
	number = 2,
	eid = 024506,
	numpages = 10,
	pages = 024506,
	keywords = "solvation, molecular dynamics method, water, positive ions, negative ions",
	url = "http://link.aip.org/link/?JCP/122/024506/1"
}

@Article{ hamilton86jcp84_5728,
	author = "Tracy P. Hamilton and Peter Pulay",
	collaboration = "",
	title = "Direct inversion in the iterative subspace (DIIS) optimization of open-shell, excited-state, and small multiconfiguration SCF wave functions",
	publisher = "AIP",
	year = 1986,
	journal = jcp,
	volume = 84,
	number = 10,
	pages = "5728--5734",
	keywords = "WAVE FUNCTIONS, SELF\&\#150, CONSISTENT FIELD, OPTIMIZATION, ELECTRONIC STRUCTURE, WATER, HYDROGEN PEROXIDE, ETHYLENE, FLUORINE, NITROGEN DIOXIDE, ETHYL RADICALS",
	url = "http://link.aip.org/link/?JCP/84/5728/1"
}

@Article{ harriman94jcp100_3651,
	author = "John E. Harriman",
	collaboration = "",
	title = "A quantum state vector phase space representation",
	publisher = "AIP",
	year = 1994,
	journal = jcp,
	volume = 100,
	number = 5,
	pages = "3651--3661",
	keywords = "VECTORS, PHASE SPACE, QUANTUM MECHANICS, SCALING LAWS, CARTESIAN COORDINATES, GAUSS FUNCTION, HYDROGEN, ATOMS, GROUND STATES, HILBERT SPACE, HERMITIAN OPERATORS, DYNAMICAL SYSTEMS",
	url = "http://link.aip.org/link/?JCP/100/3651/1"
}

@Article{ anchell88jcp89_6860,
	author = "James L. Anchell and John E. Harriman",
	collaboration = "",
	title = "Position, momentum, and phase-space one-electron densities of H[sub 2], N[sub 2], and LiH",
	publisher = "AIP",
	year = 1988,
	journal = jcp,
	volume = 89,
	number = 11,
	pages = "6860--6869",
	keywords = "HYDROCHLORIC ACID, DEUTERIUM, DEUTERIUM COMPOUNDS, PHOTOELECTRON SPECTROSCOPY, SYNCHROTRON RADIATION, ULTRAVIOLET RADIATION, ISOTOPE EFFECTS, ELECTRONIC STRUCTURE, BINDING ENERGY, X RADIATION, EXCITATION",
	url = "http://link.aip.org/link/?JCP/89/6860/1"
}

@Article{ harriman88jcp88_6399,
	author = "John E. Harriman",
	collaboration = "",
	title = "Some properties of the Husimi function",
	publisher = "AIP",
	year = 1988,
	journal = jcp,
	volume = 88,
	number = 10,
	pages = "6399--6408",
	keywords = "QUANTUM CHEMISTRY, ELECTRONIC STRUCTURE, PHASE SPACE, DENSITY MATRIX, ATOMS, MOLECULES",
	url = "http://link.aip.org/link/?JCP/88/6399/1"
}

@Article{ jensen03jcp119_3800,
	author = "Lasse Jensen and Piet Th. {van Duijnen} and Jaap G. Snijders",
	collaboration = "",
	title = "A discrete solvent reaction field model for calculating molecular linear response properties in solution",
	publisher = "AIP",
	year = 2003,
	journal = jcp,
	volume = 119,
	number = 7,
	pages = "3800--3809",
	keywords = "water, solvent effects, polarisability, density functional theory, wave functions, molecular moments",
	url = "http://link.aip.org/link/?JCP/119/3800/1"
}

@Article{ lee95jcp102_7549,
	author = "Tai-Sung Lee and Darrin M. York and Weitao Yang",
	collaboration = "",
	title = "A new definition of atomic charges based on a variational principle for the electrostatic potential energy",
	publisher = "AIP",
	year = 1995,
	journal = jcp,
	volume = 102,
	number = 19,
	pages = "7549--7556",
	keywords = "MOLECULAR STRUCTURE, ELECTRIC CHARGES, VARIATIONAL METHODS, ELECTROSTATICS, ELECTRON DENSITY, DIPOLE MOMENTS, HYDROFLUORIC ACID, ATOMS, POLARIZATION",
	url = "http://link.aip.org/link/?JCP/102/7549/1"
}

@Article{ redd85jcp83_735,
	author = "Alan E. Reed and Robert B. Weinstock and Frank Weinhold",
	collaboration = "",
	title = "Natural population analysis@f[sup a]@f[sup )]",
	publisher = "AIP",
	year = 1985,
	journal = jcp,
	volume = 83,
	number = 2,
	pages = "735--746",
	keywords = "WAVE FUNCTIONS, AB INITIO CALCULATIONS, SELF\&\#150, CONSISTENT FIELD, LITHIUM FLUORIDES, METHYL FLUORIDE, LITHIUM HYDROXIDES, MOLECULAR ORBITAL METHOD, ELECTRONIC STRUCTURE",
	url = "http://link.aip.org/link/?JCP/83/735/1"
}

@Article{ rossky80jcp72_6085,
	author = "Peter J. Rossky and Martin Karplus",
	collaboration = "",
	title = "Generalized perturbed Hartree--Fock theory",
	publisher = "AIP",
	year = 1980,
	journal = jcp,
	volume = 72,
	number = 11,
	pages = "6085--6101",
	keywords = "HARTREE\&\#150, FOCK METHOD, PERTURBATION THEORY, ATOMIC MODELS, WAVE FUNCTIONS, ENERGY, EXPECTATION VALUE",
	url = "http://link.aip.org/link/?JCP/72/6085/1"
}

@Article{ sanders92jcp96_4536,
	author = "J. Sanders and K. E. Banyard",
	collaboration = "",
	title = "Coulomb correlation in the H[sub 2] molecule: A two-particle density analysis",
	publisher = "AIP",
	year = 1992,
	journal = jcp,
	volume = 96,
	number = 6,
	pages = "4536--4550",
	keywords = "COULOMB FIELD, HYDROGEN, TWO\&\#150, BODY PROBLEM, CHEMICAL BONDS, USES, ELECTRON PAIRS, POLYATOMIC MOLECULES, ELECTRON CORRELATION",
	url = "http://link.aip.org/link/?JCP/96/4536/1"
}

@Article{ tsiper04jcp120_115,
	author = "E. V. Tsiper and K. Burke",
	collaboration = "",
	title = "Rules for minimal atomic multipole expansion of molecular fields",
	publisher = "AIP",
	year = 2004,
	journal = jcp,
	volume = 120,
	number = 3,
	pages = "1153--1156",
	keywords = "potential energy functions, electrostatics, intermolecular forces",
	url = "http://link.aip.org/link/?JCP/120/1153/1"
}

@Article{ jensen03jcp118_514,
	author = "Lasse Jensen and Piet Th. {van Duijnen} and Jaap G. Snijders",
	collaboration = "",
	title = "A discrete solvent reaction field model within density functional theory",
	publisher = "AIP",
	year = 2003,
	journal = jcp,
	volume = 118,
	number = 2,
	pages = "514--521",
	keywords = "density functional theory, polarisability, coupled cluster calculations, molecular moments",
	url = "http://link.aip.org/link/?JCP/118/514/1"
}

@Article{ pathak90pra42_2622,
	author = "Rajeev K. Pathak and Sudhir A. Kulkarni and Shridhar R. Gadre",
	collaboration = "",
	title = "Momentum space atomic first-order density matrices and ``exchange-only'' correlation factors",
	publisher = "APS",
	year = 1990,
	journal = pra,
	volume = 42,
	number = 5,
	pages = "2622--2626",
	keywords = "ATOMIC MODELS, ELECTRONIC STRUCTURE, MATHEMATICAL SPACE, ANGULAR MOMENTUM, HARTREE \&\#150, FOCK METHOD, DENSITY MATRIX",
	url = "http://link.aps.org/abstract/PRA/v42/p2622"
}

@Article{ kulkarni92pra45_4399,
	author = "Sudhir A. Kulkarni and Shridhar R. Gadre and Rajeev K. Pathak",
	collaboration = "",
	title = "Topographical view of molecular electron-momentum densities",
	publisher = "APS",
	year = 1992,
	journal = pra,
	volume = 45,
	number = 7,
	pages = "4399--4406",
	keywords = "DIATOMIC MOLECULES, POLYATOMIC MOLECULES, ELECTRONIC STRUCTURE, GROUND STATES, ELECTRON DENSITY, TOPOGRAPHY, CRITICAL POINTS",
	url = "http://link.aps.org/abstract/PRA/v45/p4399"
}

@Article{ wong91jcp95_8991,
	author = "Ming Wah Wong and Kenneth B. Wiberg and Michael Frisch",
	collaboration = "",
	title = "Hartree--Fock second derivatives and electric field properties in a solvent reaction field: Theory and application",
	publisher = "AIP",
	year = "1991",
	journal = jcp,
	volume = "95",
	number = "12",
	pages = "8991--8998",
	keywords = "HARTREE\&\#150, FOCK METHOD, ELECTRIC FIELDS, ONSAGER RELATIONS, SOLVENT EFFECTS, CHEMICAL REACTIONS, ALGORITHMS, INFRARED SPECTRA, FORMALDEHYDE, SPECTRAL SHIFT, CARBONYLS, ANALYTICAL SOLUTION, SERIES EXPANSION, SCF CALCULATIONS, CALCULATION METHODS, SOLVENTS",
	url = "http://link.aip.org/link/?JCP/95/8991/1"
}

@Article{ yamaguchi86jcp84_2262,
	author = "Yukio Yamaguchi and Michael Frisch and Jeffrey Gaw and Henry F. Schaefer III and J. Stephen Binkley",
	collaboration = "",
	title = "Analytic evaluation and basis set dependence of intensities of infrared spectra",
	publisher = "AIP",
	year = 1986,
	journal = jcp,
	volume = 84,
	number = 4,
	pages = "2262--2278",
	keywords = "DIPOLE MOMENTS, INFRARED SPECTRA, OSCILLATOR STRENGTHS, VIBRATIONAL STATES, POLYATOMIC MOLECULES, LINE INTENSITY",
	url = "http://link.aip.org/link/?JCP/84/2262/1"
}

@Article{ yamazaki03jcp119_6663,
	author = "Takeshi Yamazaki and Hirofumi Sato and Fumio Hirata",
	collaboration = "",
	title = "A quantum solute--solvent interaction using spectral representation technique applied to the electronic structure theory in solution",
	publisher = "AIP",
	year = 2003,
	journal = jcp,
	volume = 119,
	number = 13,
	pages = "6663--6670",
	keywords = "solvent effects, molecular electronic states, quantum chemistry, SCF calculations, HF calculations, integral equations, liquid theory, liquid structure, solvation",
	url = "http://link.aip.org/link/?JCP/119/6663/1"
}

@Article{ bouhmaida02jcp116_6196,
	author = "Nouzha Bouhmaida and Michael Dutheil and Nour Eddine Ghermani and Pierre Becker",
	collaboration = "",
	title = "Gradient vector field and properties of the experimental electrostatic potential: Application to ibuprofen drug molecule",
	publisher = "AIP",
	year = 2002,
	journal = jcp,
	volume = 116,
	number = 14,
	pages = "6196--6204",
	keywords = "organic compounds, electrostatics, molecular biophysics, molecular configurations, crystal structure",
	url = "http://link.aip.org/link/?JCP/116/6196/1"
}

@Article{ fulton69jcp50_3355,
	author = "Robert L. Fulton",
	collaboration = "",
	title = "Macroscopic Quantum Electrodynamics",
	publisher = "AIP",
	year = 1969,
	journal = jcp,
	volume = 50,
	number = 8,
	pages = "3355--3377",
	url = "http://link.aip.org/link/?JCP/50/3355/1"
}

@Article{ helman92jcp97_6737,
	author = "A. B. Helman and T. Keyes",
	collaboration = "",
	title = "On statistical mechanics of solvation",
	publisher = "AIP",
	year = 1992,
	journal = jcp,
	volume = 97,
	number = 9,
	pages = "6737--6743",
	keywords = "SOLVATION, STATISTICAL MECHANICS, FREE ENERGY, DIELECTRIC MATERIALS, INVARIANCE PRINCIPLES, QUANTUM MECHANICS, ATOMS, POLARIZABILITY, ELECTRON TRANSFER, TWO\&\#150, LEVEL SYSTEMS",
	url = "http://link.aip.org/link/?JCP/97/6737/1"
}

@Article{ hofinger01jcp115_10636,
	author = "Siegfried Hofinger and Othmar Steinhauser",
	collaboration = "",
	title = "Making use of Connolly's molecular surface program in the isodensity adapted polarizable continuum model",
	publisher = "AIP",
	year = 2001,
	journal = jcp,
	volume = 115,
	number = 23,
	pages = "10636--10646",
	keywords = "solvation, chemistry computing, ab initio calculations",
	url = "http://link.aip.org/link/?JCP/115/10636/1"
}

@Article{ jeon03jcp119_8606,
	author = "Jonggu Jeon and Hyung J. Kim",
	collaboration = "",
	title = "A continuum theory of solvation in quadrupolar solvents. I. Formulation",
	publisher = "AIP",
	year = 2003,
	journal = jcp,
	volume = 119,
	number = 16,
	pages = "8606--8625",
	keywords = "solvation, free energy, density, liquid theory, electric potential",
	url = "http://link.aip.org/link/?JCP/119/8606/1"
}

@Article{ van_labeke88jcp88_3211,
	author = "D. Van Labeke and Ph. Grossel and J. M. Vigoureux",
	collaboration = "",
	title = "van der Waals induced polarization: The influence of the magnetic dipolar interaction",
	publisher = "AIP",
	year = 1988,
	journal = jcp,
	volume = 88,
	number = 5,
	pages = "3211--3215",
	keywords = "POLARIZATION, VAN DER WAALS FORCES, QUADRUPOLE INTERACTIONS, DIPOLE INTERACTIONS, QUANTUM ELECTRODYNAMICS, ATOMS, INTERATOMIC FORCES",
	url = "http://link.aip.org/link/?JCP/88/3211/1"
}

@Article{ visscher96jcp105_1987,
	author = "L. Visscher and J. Styszynski and W. C. Nieuwpoort",
	collaboration = "",
	title = "Relativistic and correlation effects on molecular properties. II. The hydrogen halides HF, HCl, HBr, HI, and HAt",
	publisher = "AIP",
	year = 1996,
	journal = jcp,
	volume = 105,
	number = 5,
	pages = "1987--1994",
	keywords = "HYDROCHLORIC ACID, HYDROFLUORIC ACID, HYDROBROMIC ACID, HYDRIODIC ACID, BOND LENGTHS, DISSOCIATION ENERGY, L\&\#150, S COUPLING",
	url = "http://link.aip.org/link/?JCP/105/1987/1"
}

@Article{ visscher96jcp104_9040,
	author = "L. Visscher and K. G. Dyall",
	collaboration = "",
	title = "Relativistic and correlation effects on molecular properties. I. The dihalogens F[sub 2], Cl[sub 2], Br[sub 2], I[sub 2], and At[sub 2]",
	publisher = "AIP",
	year = 1996,
	journal = jcp,
	volume = 104,
	number = 22,
	pages = "9040--9046",
	keywords = "DISSOCIATION ENERGY, ELECTRON CORRELATION, BOND LENGTHS, HARTREE\&\#150, FOCK METHOD, FLUORINE MOLECULES, CHLORINE MOLECULES, BROMINE MOLECULES, IODINE MOLECULES",
	url = "http://link.aip.org/link/?JCP/104/9040/1"
}

@Article{ babu01jcp114_889,
	author = "C. Satheesan Babu and Carmay Lim",
	collaboration = "",
	title = "Solvation free energies of polar molecular solutes: Application of the two-sphere Born radius in continuum models of solvation",
	publisher = "AIP",
	year = 2001,
	journal = jcp,
	volume = 114,
	number = 2,
	pages = "889--898",
	keywords = "solvation, free energy, liquid theory",
	url = "http://link.aip.org/link/?JCP/114/889/1"
}

@Article{ balanarayan05jcp122_164108,
	author = "P. Balanarayan and Shridhar R. Gadre",
	collaboration = "",
	title = "Topography of molecular scalar fields. II. An appraisal of the hierarchy principle for electron momentum densities",
	publisher = "AIP",
	year = 2005,
	journal = jcp,
	volume = 122,
	number = 16,
	eid = 164108,
	numpages = 9,
	pages = 164108,
	keywords = "molecular configurations, critical points",
	url = "http://link.aip.org/link/?JCP/122/164108/1"
}

@Article{ balanarayan03jcp119_5037,
	author = "P. Balanarayan and Shridhar R. Gadre",
	collaboration = "",
	title = "Topography of molecular scalar fields. I. Algorithm and Poincar[e-acute]--Hopf relation",
	publisher = "AIP",
	year = 2003,
	journal = jcp,
	volume = 119,
	number = 10,
	pages = "5037--5043",
	keywords = "critical points, molecular electronic states, quantum chemistry",
	url = "http://link.aip.org/link/?JCP/119/5037/1"
}

@Article{ power71jcp55_5322,
	author = "E. A. Power and T. Thirunamachandran",
	collaboration = "",
	title = "Optical Activity as a Two-State Process",
	publisher = "AIP",
	year = 1971,
	journal = "The Journal of Chemical Physics",
	volume = 55,
	number = 11,
	pages = "5322--5328",
	url = "http://link.aip.org/link/?JCP/55/5322/1"
}

@Article{ yu88jcp89_2366,
	author = "Hsiang-Ai Yu and Martin Karplus",
	collaboration = "",
	title = "A thermodynamic analysis of solvation",
	publisher = "AIP",
	year = "1988",
	journal = jcp,
	volume = "89",
	number = "4",
	pages = "2366--2379",
	keywords = "SOLVATION, FREE ENERGY, ENTROPY, SOLVENT PROPERTIES, ORNSTEIN\&\#150, ZERNIKE EQUATION, AQUEOUS SOLUTIONS, ELECTROLYTES, THERMODYNAMIC PROPERTIES",
	url = "http://link.aip.org/link/?JCP/89/2366/1"
}

@Article{ barnett88jcp88_4421,
	author = "R. N. Barnett and Uzi Landman and C. L. Cleveland and Joshua Jortner",
	collaboration = "",
	title = "Electron localization in water clusters. I. Electron--water pseudopotential",
	publisher = "AIP",
	year = "1988",
	journal = jcp,
	volume = "88",
	number = "7",
	pages = "4421--4428",
	keywords = "WATER, SOLVATED ELECTRONS, ELECTRON ATTACHMENT, ADDUCTS, LIQUIDS, ELECTRONIC STRUCTURE, FEYNMAN PATH INTEGRAL",
	url = "http://link.aip.org/link/?JCP/88/4421/1"
}

@Article{ rosenbluth54jcp22_881,
	author = "M. N. Rosenbluth and A. W. Rosenbluth",
	collaboration = "",
	title = "Further Results on Monte Carlo Equations of State",
	publisher = "AIP",
	year = "1954",
	journal = jcp,
	volume = "22",
	number = "5",
	pages = "881--884",
	url = "http://link.aip.org/link/?JCP/22/881/1",
	doi = "10.1063/1.1740207"
}

@Article{ obara86jcp84_3963,
	author = "S. Obara and A. Saika",
	collaboration = "",
	title = "Efficient recursive computation of molecular integrals over Cartesian Gaussian functions",
	publisher = "AIP",
	year = "1986",
	journal = jcp,
	volume = "84",
	number = "7",
	pages = "3963--3974",
	keywords = "ELECTRONIC STRUCTURE, INTEGRALS, MOLECULAR STRUCTURE, COMPUTER CALCULATIONS",
	url = "http://link.aip.org/link/?JCP/84/3963/1",
	doi = "10.1063/1.450106"
}

@Article{ schmider00theo527_51,
	author = "H. L. Schmider and A. D. Becke",
	title = "Chemical content of the kinetic energy density",
	publisher = "Elsevier",
	year = 2000,
	journal = theo,
	volume = 527,
	pages = "51--61",
	keywords = "Density matrix"
}

@Article{ fuentealba99jcp110_9867,
	author = "P. Fuentealba and A. Cedillo",
	collaboration = "",
	title = "The variations of the hardness and the Kohn--Sham Fukui function under an external perturbation",
	publisher = "AIP",
	year = "1999",
	journal = "The Journal of Chemical Physics",
	volume = "110",
	number = "20",
	pages = "9807--9811",
	keywords = "reaction kinetics theory, orbital calculations, finite difference methods",
	url = "http://link.aip.org/link/?JCP/110/9807/1",
	doi = "10.1063/1.478033"
}

@Article{ fuentealba00jcp113_2544,
	author = "P. Fuentealba and P. Perez and R. Contreras",
	collaboration = "",
	title = "On the condensed Fukui function",
	publisher = "AIP",
	year = "2000",
	journal = "The Journal of Chemical Physics",
	volume = "113",
	number = "7",
	pages = "2544--2551",
	keywords = "organic compounds, chemical reactions, association, solvent effects, density functional theory",
	url = "http://link.aip.org/link/?JCP/113/2544/1",
	doi = "10.1063/1.1305879"
}

@Article{ parthasarathi03cpl382_48,
	author = "R. Parthasarathi and V. Subramanian and P.K. Chattaraj",
	collaboration = "",
	title = "Effect of electric field on the global and local reactivity indices",
	publisher = "Elsevier",
	year = "2003",
	journal = cpl,
	volume = "328",
	number = "",
	pages = "48--56",
	keywords = "reactivity indices, electric field",
	url = "",
	doi = ""
}

@Article{ hirshfeld77tca44_129,
	author = "F. L. Hirshfeld",
	collaboration = "",
	title = "Bonded-Atom Fragments for Describing Molecular Charge Densities",
	publisher = "Springer-Verlag",
	year = "1977",
	journal = tca,
	volume = "44",
	number = "",
	pages = "129--138",
	keywords = "Hirshfeld charges, atomic charges",
	url = "",
	doi = ""
}

@Article{ kar07jpca111_375,
	author = "R. Kar and K. R. S. Chandrakumar and S. Pal",
	collaboration = "",
	title = "The Influence of Electric Field on the Global and Local Reactivity Descriptors: Reactivity and Stability of Weakly Bonded Complexes",
	publisher = "ACS",
	year = "2007",
	journal = jpca,
	volume = "111",
	number = "",
	pages = "375--382",
	keywords = "reactivity indices, electric field",
	url = "",
	doi = ""
}

@Article{ kar08tca120_375,
	author = "R. Kar and  and S. Pal",
	collaboration = "",
	title = "Electric field response of molecular reactivity descriptors: a case study",
	publisher = "",
	year = "2008",
	journal = tca,
	volume = "120",
	number = "",
	pages = "375--383",
	keywords = "reactivity indices, electric field",
	url = "",
	doi = "10.1007/s00214-008-0437-4"
}

@Article{ haldar08jce85_429,
	author = "B. Haldar and A. Mallick and N. Chattopadhyay",
	collaboration = "",
	title = "Supramolecular Inclusion in Cyclodextrins: A Pictorial Spectroscopic Demonstration",
	publisher = "",
	year = "2008",
	journal = jce,
	volume = "85",
	number = "3",
	pages = "429--432",
	keywords = "cyclodextrins",
	url = "",
	doi = ""
}

@Article{ klamt01jcamd15_355,
	author = "A. Klamt and F. Eckert and M. Hornig",
	collaboration = "",
	title = "COSMO-RS: A novel view to physiological solvation and partition questions",
	publisher = "",
	year = "2001",
	journal = jcamd,
	volume = "15",
	number = "",
	pages = "255--365",
	keywords = "cosmo, solvent",
	url = "",
	doi = ""
}

@Article{ pearson87jce64_561,
	author = "R. G. Pearson",
	collaboration = "",
	title = "Recent Advances in the Concep of Hard and Soft Acids and Bases",
	publisher = "",
	year = "1987",
	journal = jce,
	volume = "87",
	number = "",
	pages = "561--567",
	keywords = "HSAB"
}

@Article{ pearson99jce76_267,
	author = "R. G. Pearson",
	collaboration = "",
	title = "Maximum Chemical and Physical Hardness",
	publisher = "",
	year = "1999",
	journal = jce,
	volume = "76",
	number = "",
	pages = "267--275",
	keywords = "HSAB, hardness"
}

@Article{ abronin03cpl368_523,
	author = "I.A. Abronin and I. K. Vorontsova and I. D. Mikheikin",
	collaboration = "",
	title = "Electronic states of s,p atoms in strong nonuniform electric fields",
	publisher = "Elsevier",
	year = "2003",
	journal = cpl,
	volume = "368",
	number = "",
	pages = "523--526",
	keywords = "electric field",
	url = "",
	doi = ""
}

@Article{ deproft02jcc23_1198,
	author = "F. {de Proft} and C. {van Alsenoy} and A. Peeters and W. Langenaeker and P. Geerlings",
	collaboration = "",
	title = "Atomic Charges, Dipole Moments, and Fukui Functions Using the Hirshfeld Partitioning of the Electron Density",
	publisher = "",
	year = "2002",
	journal = jcc,
	volume = "23",
	number = "",
	pages = "1198--1209",
	keywords = "atomic charges, fukui function, hirshfeld",
	url = "",
	doi = ""
}

@Article{ deproft02jcc24_463,
	author = "F. {de Proft} and R. Vivas-Reyes and A. Peeters and C. {van Alsenoy} and P. Geerlings",
	collaboration = "",
	title = "Hirshfeld Partitioning of the Electron Density: Atomic Dipoles and their Relation with Functional Group Properties",
	publisher = "",
	year = "2002",
	journal = jcc,
	volume = "24",
	number = "",
	pages = "463--469",
	keywords = "atomic charges, hirshfeld",
	url = "",
	doi = ""
}

@Article{ bultinck07cpl444_205,
	author = "P. Bultinck and P. W. Ayers and S. Fias and K. Tiels and C. Van Alsenoy",
	collaboration = "",
	title = "Uniqueness and basis set dependence of iterative Hirshfeld charges",
	publisher = "Elsevier",
	year = "2007",
	journal = cpl,
	volume = "444",
	number = "",
	pages = "205--208",
	keywords = "atomic hcarges, hirshfeld charges",
	url = "",
	doi = ""
}

@Article{ klamt96jpc100_3349,
	author = "A. Klamt",
	collaboration = "",
	title = "Calculation of UV/Vis Spectra in Solution",
	publisher = "",
	year = "1996",
	journal = jpc,
	volume = "100",
	number = "",
	pages = "3349--3353",
	keywords = "cosmo, solvent effect",
	url = "",
	doi = ""
}

@Article{ marenich07jctc3_2011,
	title = "Self-Consistent Reaction Field Model for Aqueous and Nonaqueous Solutions Based on Accurate Polarized Partial Charges",
	author = "A. V. Marenich and R. M. Olson and C. P. Kelly and C. J. Cramer and D. G. Truhlar",
	publisher = "",
	journal = jctc,
	pages = "2011--2033",
	volume = "3",
	number = "",
	year = "2007",
	keywords = "born model, solvent effect",
	url = "",
	doi = "",
	collaboration = ""
}

@Article{ bultinck07jcp126_144111,
	author = "P. Bultinck and C. Van Alsenoy and P. W. Ayers and R. Carb{\'o}-Dorca",
	collaboration = "",
	title = "Critical analysis and extension of the Hirshfeld atoms in molecules",
	publisher = "",
	year = "2007",
	journal = jcp,
	volume = "126",
	number = "",
	pages = "144111",
	keywords = "",
	url = "",
	doi = ""
}

@Article{ geerlings08pccp10_3028,
	author = "P. Geerlings and F. De Proft",
	collaboration = "",
	title = "Conceptual DFT: the chemical relevance of higher response functions",
	publisher = "",
	year = "2008",
	journal = pccp,
	volume = "10",
	number = "",
	pages = "3028--3042",
	keywords = "",
	url = "",
	doi = ""
}

@Article{ hamasaki93jacs115_5035,
	author = "K. Hamasaki and H. Ikeda and A. Nakamura and A. Ueno and F. Toda and I. Suzuki and T. Osa",
	collaboration = "",
	title = "Fluorescent Sensors of Molecular Recognition. Modified Cyclodextrins Capable of Exhibiting Guest-Responsive Twisted Intramolecular Charge Transfer Fluorescence",
	publisher = "",
	year = "1993",
	journal = jacs,
	volume = "115",
	number = "",
	pages = "5035--5040",
	keywords = "cyclodextrins",
	url = "",
	doi = ""
}

@Article{ bondi64jpc68_441,
	author = "A. Bondi",
	collaboration = "",
	title = "van der Waals Volumes and Radii",
	publisher = "",
	year = "1964",
	journal = jpc,
	volume = "68",
	number = "3",
	pages = "441--451",
	keywords = "van der Waals",
	url = "",
	doi = ""
}

@Article{ klamt98jpca102_5074,
	author = "Andreas Klamt and Volker Jonas and Thorsten Brger and John C. W. Lohrenz",
	collaboration = "",
	title = "Refinement and Parametrization of COSMO-RS",
	publisher = "",
	year = "1998",
	journal = jpca,
	volume = "102",
	number = "26",
	pages = "5074--5085",
	keywords = "cosmo",
	url = "",
	doi = ""
}

@Article{lopez-ruiz95pla209_321,
	author = "R. López-Ruiz and H. L Mancini and X. Calbet",
	collaboration = "",
	title = "A statistical measure of complexity",
	publisher = "",
	year = "1995",
	journal = pla,
	volume = "209",
	number = "",
	pages = "321-326",
	keywords = "complexity",
	url = "",
	doi = ""
}

@Article{ catalan02pre66_011102,
	author = "Raquel G. Catalán and José Garay and Ricardo Lopéz-Ruiz",
	collaboration = "",
	title = "Features of the extension of a statistical measure of complexity to continuous system",
	publisher = "",
	year = "2002",
	journal = pre,
	volume = "66",
	number = "",
	pages = "011102",
	keywords = "complexity",
	url = "",
	doi = ""
}

@Article{lopez-ruiz05bc115_215,
	author = "Ricardo López-Ruiz",
	collaboration = "",
	title = " Shannon information, LMC complexity and Re nyi entropies: a straightforward approach",
	publisher = "",
	year = "2005",
	journal = "Biophys. Chem.",
	volume = "115",
	number = "",
	pages = "215",
	keywords = "complexity",
	url = "",
	doi = ""
}


@Article{ carbo80ijqc17_1185,
	author = "Ramon Carbó and Luis Leyda and Mariano Arnau",
	collaboration = "",
	title = "How Similar is a Molecule to Another? An Electron Density Measure of Similarity between Two Molecular Structures",
	publisher = "",
	year = "1980",
	journal = ijqc,
	volume = "17",
	number = "",
	pages = "1185",
	keywords = "similitud",
	url = "",
	doi = ""
}


@Article{ wright01jacs123_1173,
	author = "J. S. Wright and E. R. Johnson and G. A. DiLabio",
	collaboration = "",
	title = "Predicting the Activity of Phenolic Antioxidants: Theoretical Method, Analysis of Substituent Effects, and Application to Major Families of Antioxidants",
	publisher = "",
	year = "2001",
	journal = jacs,
	volume = "123",
	number = "",
	pages = "1185",
	keywords = "antioxidants",
	url = "",
	doi = ""
}

@Article{nagy09pla373_2552 ,
	author = "A. Nagy and K. D. Sen and H. E. Montgomery Jr.",
	collaboration = "",
	title = "LMC complexity for the ground states of different quantum systems",
	publisher = "",
	year = "2009",
	journal = pla,
	volume = "373",
	number = "",
	pages = "2552",
	keywords = "complexity",
	url = "",
	doi = ""
}

@Article{ angulo08pla372_670,
	author = "J. C. Angulo and J. Antol­n and K. D. Sen",
	collaboration = "",
	title = "Fisher-Shannon plane and statistical complexity of atoms",
	publisher = "",
	year = "2008",
	journal = pla,
	volume = "372",
	number = "",
	pages = "670",
	keywords = "complexity",
	url = "",
	doi = ""
}


@Article{shannon ,
	author = "C. E. Shannon",
	collaboration = "",
	title = "A Mathematical Theory of COmmunication",
	publisher = "",
	year = "1948",
	journal = "Bell Syst. Tech.",
	volume = "27",
	number = "",
	pages = "379",
	keywords = "shannon entropy",
	url = "",
	doi = ""
}


@Article{ leopoldine04jpca108_4916,
	author = "Monica Lopoldini and Tiziana Marino  and Nino Russo and Marirosa Toscano",
	collaboration = "",
	title = "Antioxidant Properties of Phenolic Compounds: H-Atom versus Electron Transfer Mechanism",
	publisher = "",
	year = "2004",
	journal = jpca,
	volume = "108",
	number = "",
	pages = "4916-4922",
	keywords = "polifenoles",
	url = "",
	doi = ""
}

@InBook{mitchell,
  author =	 {Melanie Mitchell},
  title = 	 {Complexity: a guide tour},
  publisher = 	 {Oxford University Press},
  year = 	 2009,
}

@Article{perdew05jcp123_062201 ,
	author = "John P. Perdew and Adrienn Ruzsinszky and Jianmin Tao  and Viktor N. Staroverov and Gustavo E. Scuseria
	and Gabor I. Csonka",
	collaboration = "",
	title = "Prescription for the design and selection of density functional approximations: More constraint satisfaction with fewer fits",
	publisher = "",
	year = "2005",
	journal = jcp,
	volume = "123",
	number = "",
	pages = "062201",
	keywords = "",
	url = "",
	doi = ""
}


@Article{hall99pra59_2602,
	author = "Michael J. W. Hall",
	collaboration = "",
	title = "Universal geometric approach to uncertainty, entropy, and information",
	publisher = "",
	year = "1999",
	journal = pra,
	volume = "59",
	number = "",
	pages = "2602",
	keywords = "entropia informacional",
	url = "",
	doi = ""
}

@Article{pennini07pla365_263,
	author = "F. Pennini and A. Plastino",
	collaboration = "",
	title = "Localization estimation and global vs. local information measures",
	publisher = "",
	year = "2007",
	journal = pla,
	volume = "365",
	number = "",
	pages = "263",
	keywords = "entropia informacinal",
	url = "",
	doi = ""
}

@Article{ ,
	author = "",
	collaboration = "",
	title = "",
	publisher = "",
	year = "",
	journal = "",
	volume = "",
	number = "",
	pages = "",
	keywords = "",
	url = "",
	doi = ""
}

@Article{ ayers05jcs117_441,
	title = "Electron localization functions and local measures of the covariance",
	author = "Paul W. Ayers",
	journal = jcs,
	volume = "117",
	number = "5",
	month = sep,
	year = "2005",
	pages = "441--451",
	keywords = "Electron localization functions, local covariance, shell structure"
}

@Article{ geerlings00cr103_1793,
	title = "Conceptual Density Functional Theory",
	author = "P. Geerlings and F. De Proft and W. Langenaeker",
	journal = cr,
	volume = "103",
	year = "2003",
	pages = "1793--1873",
	number = "5",
	keywords = "conceptual dft"
}

@Article{ cisneros05jcp123_044109,
	title = "Intermolecular electrostatic energies using density fitting",
	author = "G. A. Cisneros and J. Piquemal and T. A. Darden",
	journal = jcp,
	year = "2005",
	volume = "123",
	pages = "044109",
	keywords = "Density fitting"
}

@Article{ kadantsev08ijcq108_1,
	title = "Analysis of Chemical Bonding in Electronic Excited States Using Parity Function",
	author = "E. S. Kadantsev and H. L. Schmider",
	journal = ijqc,
	volume = "108",
	pages = "1--14",
	year = "2008",
	keywords = "Parity function"
}

@Article{ dunlap79jcp71_3396,
	title = "On some approximations in applications of Xa theory",
	author = "B. I. Dunlap and J. W. D. Connolly and J. R. Sabin",
	journal = jcp,
	volume = "71",
	year = "1979",
	pages = "3396",
	keywords = "Density fitting"
}

@Article{ dunlap79jcp71_4993,
	title = "On first-row diatomic molecules and local density models",
	author = "B. I. Dunlap and J. W. D. Connolly and J. R. Sabin",
	journal = "jcp",
	volume = "71",
	year = "1979",
	pages = "4993",
	keywords = "Density fitting"
}

@Article{ dunlap83jcp78_3140,
	title = "Fitting the Coulomb potential variationally in Xa molecular calculations",
	author = "B. I. Dunlap",
	journal = jcp,
	volume = "78",
	year = "1983",
	pages = "3140",
	keywords = "Density fitting"
}

@Article{ piquemal06jcp124_104101,
	title = "Towards a force field based on density fitting",
	author = "J. Piquemal and G. A. Cisneros and P. Reinhardt and N. Gresh and T. A. Darden",
	journal = jcp,
	volume = "124",
	year = "2006",
	pages = "104101",
	keywords = "Density fitting"
}

@Article{ cisneros06jcp125_184101,
	title = "Generalization of the Gaussian electrostatic model: Extension to arbitrary angular momentum, distributed multipoles, and speedup with reciprocal space methods",
	author = "G. A. Cisneros and J. Piquemal and T. A. Darden",
	journal = jcp,
	volume = "125",
	year = "2006",
	pages = "184101"
}

@Article{ macmurchie78jcp26_218,
	title = "One- and Two-Electron Integrals over Cartesian Gaussian Functions",
	author = "L. E. McMurchie and E. R. Davidson",
	journal = jcop,
	volume = "26",
	year = "1978",
	pages = "218--231"
}

@Article{ rao94pra50_1916,
	title = "Theorical complex Stark energies of hydrogen by a complex-scaling plus B-spline approach",
	author = "J. Rao and W. Liu and B. Li",
	journal = pra,
	volume = "50",
	number = "2",
	year = "1994",
	pages = "1916--1919"
}

@Article{ perez-jorda92cpc70_271,
	title = "A simple, reliable and efficient scheme for automatic numerical integration ",
	author = "Jos{\'e} M. P{\'e}rez-Jord{\'a} and Emilio San-Fabian and Federico Moscard{\'o}",
	journal = cpc,
	volume = "70",
	pages = "271--284",
	year = "1992",
	keywords = "Numerical Integration"
}

@Article{ perez-jorda93cpc77_46,
	title = "A simple, efficient and more reliable scheme for automatic numerical integration ",
	author = "Jos{\'e} M. P{\'e}rez-Jord{\'a} and Emilio San-Fabian",
	journal = cpc,
	volume = "77",
	year = "1993",
	pages = "46--56",
	keywords = "Numerical Integration"
}

@Article{ marenich08jctc4_877,
	title = "Perspective on Foundations of Solvation Modeling: The Electrostatic Contribution to the Free Energy of Solvation ",
	author = "A. V. Marenich and C. J. Cramer and D. G. Truhlar",
	journal = jctc,
	pages = "877--887",
	volume = "4",
	year = "2008",
	keywords = "AQUEOUS SOLUTIONS, SOLVENT EFFECTS"
}

@Article{ asthalter01zpc215_1277,
	title = "Visualizing Covalency and Multiple Bonds in Terms of the Electronic Single-Particle Density Matrix ",
	author = "T. Asthalter and M. Walter",
	journal = zpc,
	pages = "1277--1288",
	volume = "215",
	number = "10",
	year = "2001",
	keywords = "Density matrix"
}

@Article{ lowdin55pr97_1474,
	title = " ",
	author = "P.-O. L{\"o}wdin",
	journal = pr,
	pages = "1474",
	volume = "97",
	year = "1955",
	keywords = "Density matrix"
}


@Article{ mcweeny59prsls253_242,
	title = " ",
	author = "R. McWeeny",
	journal = "Proc. R. Soc. London Ser.",
	pages = "242",
	volume = "A253",
	year = "1959",
	keywords = "Density matrix"
}

@InBook{davidson76,
  author =	 "E. R. Davidson",
  title = 	 "Reduced Density Matrices in Quantum Mechanics",
  publisher = 	 "Academic Press: New York",
  year = 	 "1976"
}

@Article{ desiraju02acr35_565,
	title = " ",
	author = "G. R. Desiraju",
	journal = "Acc. Chem. Res.",
	pages = "565",
	volume = "35",
	year = "2002",
	keywords = "Hydrogen Bond"
}

@Article{ espinosa98cpl285_170,
	title = "Hydrogen bond strengths revealed by topological analyses of experimentally 
observed electron densities ",
	author = "E. Espinosa and E. Molins and C. Lecomte",
	journal = cpl,
	pages = "170-173",
	volume = "285",
	year = "1998",
	keywords = "Hydrogen Bond"
}

@Article{ espinosa99cpl300_745,
	title = "Experimental electron density overlapping in hydrogen bonds: topology vs. energetics",
	author = "E. Espinosa  and C. Lecomte and E. Molins",
	journal = cpl,
	pages = "745-748",
	volume = "300",
	year = "1999",
	keywords = "Hydrogen Bond"
}

@Article{ espinosa01cpl336_457,
	title = "About the evaluation of the local kinetic, potential and total nergy densities in
closed-shell interactions",
	author = "E. Espinosa and I. Alkorta and I. Rozas and J. Elguero and E. Molins",
	journal = cpl,
	pages = "457-461",
	volume = "336",
	year = "2001",
	keywords = "Hydrogen Bond"
}

@InBook{ bader90,
  author =	 "R. F. W. Bader",
  title = 	 "Atoms in Molecules. A Quantum Theory",
  publisher = 	 "Oxford University Press: New York",
  year = 	 "1990"
}

@Article{ koch95jpc99_9747,
	title = "Characterization of C-H-O Hydrogen Bonds on the Basis of the Charge Density",
	author = "U. Koch and P. L. A. Popelier",
	journal = jpc,
	pages = "9747-9754",
	volume = "99",
	year = "1995",
	keywords = "Hydrogen Bond"
}

@Article{ becke90jcp92_5397,
	title = " ",
	author = "A. D. Becke and K. E. Edgecombe",
	journal = jcp,
	pages = "5397",
	volume = "92",
	year = "1990",
	keywords = "ELF"
}

@Article{ navarrete07jpca11_11147,
	title = " Relationship between the Critical points Found 
by the Electron Localization Function and Atoms in Molecules 
Approaches in Adducts with Hydrogen Bonds",
	author = "A. M. Navarrte-Lopez and J. Garza and R. Vargas",
	journal = jpca,
	pages = "11147-11152",
	volume = "111",
	year = "2007",
	keywords = "Hydrogen Bond"
}

@Article{ ,
	title = " ",
	author = "",
	journal = "",
	pages = "",
	volume = "",
	year = "",
	keywords = "Hydrogen Bond"
}

@Article{ parthasarathi06jpca110_3349,
	author = "R. Parthasarathi and V. Subramanian and N. Sathyamurthy",
	collaboration = "",
	title = "Hydrogen Bonding without Borders: An Atoms-in-Molecules Perspective",
	publisher = "American Chemical Society",
	year = "2006",
	journal = jpca,
	volume = "110",
	number = "",
	pages = "3349-3351",
	keywords = "Hydrogen Bond",
	url = "",
	doi = ""
}


@Article{ cubero99jpca103_6394,
	title = " ",
	author = "E. Cubero and M. Orozco and P. Hobza and F. J. Luque",
	journal = jpca,
	pages = "6394",
	volume = "103",
	year = "1999",
	keywords = "Hydrogen Bond"
}


@Article{ hobza00jpcb104_6286,
	title = " ",
	author = "P. Hobza and J. Sponer and E. Cubero and M. Orozco and F. J. Luque",
	journal = jcpb,
	pages = "6286",
	volume = "104",
	year = "2000",
	keywords = "Hydrogen Bond"
}

@Article{ wojtulewski05jcp309_183,
	title = " ",
	author = "S. Wojtulewski and S. J. Grabowski",
	journal = cp,
	pages = "183",
	volume = "309",
	year = "2005",
	keywords = "Hydrogen Bond"
}

@Article{ chesnut00jpca104_11644,
	title = " ",
	author = "D. B. Chesnut",
	journal = jpca,
	pages = "11644",
	volume = "104",
	year = "2000",
	keywords = "Hydrogen Bond and ELF"
}


@Article{ polo05jpca109_10438,
	title = "similarity between Two Molecular Structures",
	author = "V. Polo and l. R. Domingo and J. Andres",
	journal = jpca,
	pages = "10438",
	volume = "109",
	year = "2005",
	keywords = "Hydrogen Bond and ELF"
}


@Article{crich01jacs119_249 ,
	author = "D. Crich and W. Huang ",
	collaboration = "",
	title = "Dynamics of Alkene Radical Cation/Phosphate Anion Pair Formation from Nucleotide C4' Radicals. The DNA/RNA Paradox Revisited",
	publisher = "",
	year = "2001",
	journal = jacs,
	volume = "119",
	number = "",
	pages = "9239-9245",
	keywords = "paradoja",
	url = "",
	doi = ""
}

@InBook{ janJensen10,
  author =	 "Jan H. Jensen",
  title = 	 "Molecular Modeling Basics",
  publisher = 	 "Taylor and Francis: New York",
  year = 	 "2010"
}

@InBook{ wade_2012,
  author =	 "Wade, L. G.",
  title = 	 "Química Orgánica",
  publisher = 	 "PEARSON: Estado de México",
  year = 	 "2012"
}

@Article{Jacobsen0886_702 ,
	title = "Localized-orbital locator (LOL) profiles of chemical bonding",
	author = "Heiko jacobsen",
	journal = cjc,
	pages = "695-702",
	volume = "86",
	year = "2008",
	keywords = "LOLJacobsen"
}

@InBook{ FrankJensen10,
  author =	 "Frank Jensen",
  title = 	 "Introduction to computational chemistry",
  publisher = 	 "John Wiley and Sons, Ltd: San Francisco",
  year = 	 "2010"
}

@Article{ Andres14_14,
	title = "Unraveling Reacion Mechanisms by Means of Quantum",
	author = "Juan Andrés, Patricio González-Navarrete, and Vicent Sixte Safont",
	journal = ijqc,
	pages = "1-14",
	volume = "",
	year = "2014",
	keywords = "enlaceC-B",
	DOI = "10.1002/qua.24665"
}

@Article{ Schmider99527_61,
	title = "Chemical content of the Kinetic energy density",
	author = "H. L. Schmider, A. D. Becke",
	journal = tc,
	pages = "51-61",
	volume = "527",
	year = "1999",
	keywords = "contenido densidad energia cinetica"
}
 
@Article{ crich97119_249,
	title = "Nucleotide C3',4'-Radical Cations and Effect of a 2'-Oxygen Substituent. The DNA/RNA Paradox.",
	author = "David Crich and Xue-Sheng Mo",
	journal = jacs,
	pages = "249-250",
	volume = "119",
	year = "1997",
	keywords = "Paradoja articulo chico"
}

@Article{ scalmi06124_15,
	title = "Geometries and properties of excited states in the gas phase and in solution: theory and application of a 
	time-dependent density funcional theory polarizabvle continuum model.",
	author = "G. Scalmani and M. J. Frisch and B. Mennicci and J. Tomasi and R. Cammi and V. Barone",
	journal = jcp,
	pages = "1-15",
	volume = "124",
	year = "2006",
	keywords = "pcmefectodisolvente"
}

@PHDTHESIS{Julio08, 
        author ="Julio M. Hernandez", 
        title ="Tratamiento del efecto local de un campo eléctrico externo. Nuevo modelo de disolvente.", 
        school ="Universidad Autonoma del Estado de Morelos", 
        year = "2008", 
        type ="",  
        month =""
         } 

@InBook{frank12_nbo,
  author =	 "Frank Weinhold and Clark R. Landis",
  title = 	 "Discovering Chemistry whit Natural Bond Orbital",
  publisher = 	 "WILEY: United States of America",
  year = 	 "2012"
}
  
@Article{Schaftenaar2000,
author="Schaftenaar, G.
and Noordik, J.H.",
title="Molden: a pre- and post-processing program for molecular and electronic structures*",
journal="J. Comput. Aided Mol. Des.",
year="2000",
volume="14",
number="2",
pages="123--134",
abstract="Molden is a software package for pre- and postprocessing of computational chemistry program data. Interfacing to the ab initio programs Gamess-US/UK and Gaussian and to the semi-empirical package MOPAC is provided. The emphasis is on computation and visualization of electronic and molecular properties but, e.g., reaction pathways can be simulated as well. Some molecular properties of interest are processed directly from the output of the computational chemistry programs, others are calculated in MOLDEN before display. The package features different options to display MOLecular electronic DENsity, each focusing on a different structural aspect: molecular orbitals, electron density, molecular minus atomic density and the Laplacian of the electron density. To display difference density, either the spherically averaged atomic density or the oriented ground state atomic density can be used for a number of standard basis sets. The quantum mechanical electrostatic potential or a distributed multipole expansion derived electrostatic potential can be calculated and atomic charges can be fitted to these potentials calculated on Connolly surface(s). Reaction pathways and molecular vibrations can be visualized. Input structures can be generated with a Z-matrix editor. A variety of graphics languages is supported: XWindows, postscript, VRML and Povray format.",
issn="1573-4951",
doi="10.1023/A:1008193805436",
url="http://dx.doi.org/10.1023/A:1008193805436"
}
  
  
 @misc{ webmolden,
    author={ Gijs Schaftenaar and {Center for Molecular and Biomolecular Informatics}},
    title="MOLDEN a pre- and post processing program of molecular and electronic structure",
    url="\url{http://www.cmbi.ru.nl/molden/}",
    year="2011",
    note="Última visita. Junio 1,2014, http://www.cmbi.ru.nl/molden/"  
}

 @misc{ webchemcraft,
    author={ Grigoriy A. Zhurko},
    title="Chemcraft",
    url="\url{http://www.chemcraftprog.com/}",
    year="2017",
    note="Última visita. Junio 1, 2017, http://www.chemcraftprog.com/"
}
  
@InBook{ moleculargenectics_07,
  author =	 "Larry Snyder and Wendy Champness",
  title = 	 "Molecular genetics of bacteria",
  publisher = 	 "ASM Press: Washington, D. C.",
  year = 	 "2007"
}  
  
@Article{ lol00527_61,
	title = "Chemical contend of the kinetic energy density",
	author = "H. L. Schmider and A.D. Becke",
	journal = tca,
	pages = "51-61",
	volume = "527",
	year = "2000",
	keywords = "loloficial"
}


@PHDTHESIS{Munoz01, 
author = "R. Muñóz", 
title = "Tratamiento y resolución de las descripciones definidas y su aplicación en sistemas de extracción de información]", 
school = "Departamento de Lenguajes y Sistemas Inform\'aticos. Universidad de Alicante", 
year = "2001", 
type = "", 
month = "May"
} 




@InBook{ macuarro-cuantica,
  author =	 "Donald A. MacQuarrie",
  title = 	 "Quantum, Chemistry",
  publisher = 	 " University Science Books",
  year = 	 "2008"
}  


MacQuarrie Donald A. 2008 Quantum Chemistry. University Science Books. United States.
@Article{balanarayan,
	title = "Can Ring Strain Be Realized in Momentum Space? ",
	author = "P. Balanarayan  and S.R. Gadre ",
	journal = jacs,
	pages = "10702-10706",
	volume = "128",
	year = "2006",
	keywords = "EMD" 
}

@Article{kulkarni,
	title = "Probing Chemical Reactions in Momentum Space ",
	author =  "S. Kulkarni and  S. R. Gadre",
	journal = ACR,
	pages = "114-363",
	volume = "14",	
	year = "1981",
	keywords = "IRC"
}


@InBook{Beader-topología,
  author ="Atoms in Molecules.",
  title = 	 "Quantum, Chemistry",
  publisher = 	 " clarendon Press",
  year = 	 "2008"
}  

@book{bader1994atoms,
  title={Atoms in Molecules: A Quantum Theory},
  author={Bader, R.F.W.},
  isbn={9780198558651},
  lccn={93046241},
  series={International Ser. of Monogr. on Chem},
  url={http://books.google.com.mx/books?id=tyVpQgAACAAJ},
  year={1994},
  publisher={Oxford University Press, Incorporated}
}

@Article{andres,
	author = "Juan Andrés, P. González-Navarrete",
	title =	"Momentum space  investigation of $C_2v$",
	journal = " J. Quantum Chem.",
	pages = "149-153",
	volume = "14",
	year = "2014",
	keywords = "MC"

}



@Misc{g09,
  note=
"Gaussian 09, Revision B.01, M. J. Frisch, G. W. Trucks, H. B. Schlegel, G. E. Scuseria, M. A. Robb, J. R. Cheeseman, G. Scalmani, V. Barone, B. Mennucci, G. A. Petersson, H. Nakatsuji, M. Caricato, X. Li, H. P. Hratchian, A. F. Izmaylov, J. Bloino, G. Zheng, J. L. Sonnenberg, M. Hada, M. Ehara, K. Toyota, R. Fukuda, J. Hasegawa, M. Ishida, T. Nakajima, Y. Honda, O. Kitao, H. Nakai, T. Vreven, Montgomery, {Jr.}, J. A., J. E. Peralta, F. Ogliaro, M. Bearpark, J. J. Heyd, E. Brothers, K. N. Kudin, V. N. Staroverov, R. Kobayashi, J. Normand, K. Raghavachari, A. Rendell, J. C. Burant, S. S. Iyengar, J. Tomasi, M. Cossi, N. Rega, J. M. Millam, M. Klene, J. E. Knox, J. B. Cross, V. Bakken, C. Adamo, J. Jaramillo, R. Gomperts, R. E. Stratmann, O. Yazyev, A. J. Austin, R. Cammi, C. Pomelli, J. W. Ochterski, R. L. Martin, K. Morokuma, V. G. Zakrzewski, G. A. Voth, P. Salvador, J. J. Dannenberg, S. Dapprich, A. D. Daniels, Ö Farkas, J. B. Foresman, J. V. Ortiz, J. Cioslowski  and D. J. Fox, Gaussian Inc. Wallingford CT 2010."} 




@Article{gadre,
	author = "S.R. Grade and S.Kulkarni",
	title =	"Momentum space investigation of ",
	journal ="Department of Chemistry University of Poona",
	pages = "149-153",
	volume = "14",
	year = "1993"
	
}


@Article{pauling29,
	author = "B. Podolsky and L. Pauling",
	title =	" ",
	journal = pr,
	pages = "109",
	volume = "34",
	year = "1929"
	
}
 
@book{coulson1952valence,
  title={Valence},
  author={Coulson, C.A.},
  lccn={52010351},
  url={http://books.google.com.mx/books?id=Hv3BAAAAIAAJ},
  year={1952},
  publisher={Clarendon Press}
}

@book{claudequantum,
  title={Quantum Mechanics Volume 1},
  author={Claude Cohen-Tannoudji, B.D.F.L.},
  isbn={9782705683924},
  url={http://books.google.com.mx/books?id=e\_Ec0IlSbMMC},
  publisher={Hermann}
}


@Article{bacskay13,
  author = "G. B. Bacskay and S. Nordholm",
  title = " ",
  journal = ijqc,
  pages = "7946",
  volume = "117",
  year = "2013"
}


@book{Chattaraj:1253105,
      author        = "Chattaraj, Pratim Kumar",
      title         = "{Chemical Reactivity Theory: A Density Functional View}",
      publisher     = "Taylor  Francis Ltd",
      address       = "Hoboken, NJ",
      year          = "2009",
}

@Inbook{gadre99,
	author ="S. R. Gadre and P. Balanarayan",
        editor  = "Chattaraj, Pratim Kumar",
	title = "{Chemical Reactivity Theory: A Density Functional View}",
	chapter = "Atoms and Molecules; A Momentum Space Perspective",
	pages = "55-69",
	publisher = "Taylor \& Francis Ltd",
	address       = "Hoboken, NJ",
        year          = "2009",
}

@book{jensen2010molecular,
  title={Molecular modeling basics},
  author={Jensen, Jan H},
  year={2010},
  publisher={CRC Press}
}

@article{lili2012joc,
author = {Lilia Fuentes and Urbano Osorio and Leticia Quintero and Herbert H\"{o}pfl and Nixache Vázquez-Cabrera and Fernando Sartillo-Piscil},
title = {Direct Chemical Method for Preparing 2,3-Epoxyamides Using Sodium Chlorite},
journal = joc,
volume = {77},
number = {13},
pages = {5515-5524},
year = {2012},
doi = {10.1021/jo300542d}
}

@article{fuentes2013,
  title={The Use of Sodium Chlorite in the Direct Synthesis of Glycidic Amides: Enantiopure Synthesis of Both Enantiomers of Norbalasubramide},
  author={Fuentes, Lilia and Hern{\'a}ndez-Juarez, Mireya and Ter{\'a}n, Joel L and Quintero, Leticia and Sartillo-Piscil, Fernando},
  journal={Synlett},
  volume={24},
  number={07},
  pages={878--882},
  year={2013},
  publisher={{\copyright} Georg Thieme Verlag}
}

@article{fuentes2015,
title = "The use of sodium chlorite in the non-racemic synthesis of a potent inhibitor of glycolipid biosynthesis",
journal = "Tetrahedron Lett.",
volume = "56",
number = "41",
pages = "5607 - 5609",
year = "2015",
note = "",
issn = "0040-4039",
doi = "http://dx.doi.org/10.1016/j.tetlet.2015.08.054",
url = "http://www.sciencedirect.com/science/article/pii/S0040403915300095",
author = "Carlos G. Gómez-Fosado and Leticia Quintero and Lilia Fuentes and Fernando Sartillo-Piscil"
}

@article{fuentes2016,
author = {Romero-Ibañez, Julio and Xochicale-Santana, Leonardo and Quintero, Leticia and Fuentes, Lilia and Sartillo-Piscil, Fernando},
title = {Synthesis of the Enantiomers of Tedanalactam and the First Total Synthesis and Configurational Assignment of (+)-Piplaroxide},
journal = jnp,
volume = {79},
number = {4},
pages = {1174-1178},
year = {2016},
doi = {10.1021/acs.jnatprod.5b01041} 
}

@article{estrepto,
author = {Sarabia, Francisco and Sánchez-Ruiz, Antonio and Martín-Ortiz, Laura and García-Castro, Miguel and Chammaa, Samy},
title = {Stereoselective Synthesis of Macrolide-Type Antibiotics from Epoxy Amides. Synthesis of the Polypropionate Chain of Streptovaricin U},
journal = ol,
volume = {9},
number = {24},
pages = {5091-5094},
year = {2007},
doi = {10.1021/ol7022938},
    note ={PMID: 17975922},

URL = { 
        http://dx.doi.org/10.1021/ol7022938
    
},
eprint = { 
        http://dx.doi.org/10.1021/ol7022938
    
}

}

@article{bestatin,
author = {Bergmeier, Stephen C. and Stanchina, Dionne M.},
title = {Acylnitrene Route to Vicinal Amino Alcohols. Application to the Synthesis of (−)-Bestatin and Analogues},
journal = joc,
volume = {64},
number = {8},
pages = {2852-2859},
year = {1999},
doi = {10.1021/jo9823893},
    note ={PMID: 11674356},

URL = { 
        http://dx.doi.org/10.1021/jo9823893
    
},
eprint = { 
        http://dx.doi.org/10.1021/jo9823893
    
}

}

@article{penem,
author = {Hanessian, Stephen and Bedeschi, Angelo and Battistini, Carlo and Mongelli, Nicola},
title = {A new synthetic strategy for the penems. Total synthesis of (5R,6S,8R)-6-(.alpha.-hydroxyethyl)-2-(hydroxymethyl)penem-3-carboxylic acid},
journal = jacs,
volume = {107},
number = {5},
pages = {1438-1439},
year = {1985},
doi = {10.1021/ja00291a069},
URL = {http://dx.doi.org/10.1021/ja00291a069},
eprint = { http://dx.doi.org/10.1021/ja00291a069}
}

@article{constante,
	title = "Static permittivities of n-propanol mixtures with ethanol, isomers of propanol, and butanol at temperature (288.15–308.15) K",
	journal = joml,
	volume = "179",
	number = "",
	pages = "72 - 77",
	year = "2013",
	note = "",
	issn = "0167-7322",
	doi = "http://dx.doi.org/10.1016/j.molliq.2012.12.015",
	url = "http://www.sciencedirect.com/science/article/pii/S0167732212004618",
	author = "Dorota Chensinska-Majak and Adam Bald and Ram Jeewan Sengwa",
	keywords = "Relative permittivity",
	keywords = "Alcohol–alcohol mixtures",
	keywords = "Molecular interactions in liquids"
}

@Inbook{mezclas,
	author="Wohlfarth, Ch.",
	editor="Lechner, M.D.",
	title="Dielectric constant of the mixture (1) water; (2) ethanol",
	bookTitle="Supplement to IV/6",
	year="2008",
	publisher="Springer Berlin Heidelberg",
	address="Berlin, Heidelberg",
	pages="520--523",
	isbn="978-3-540-75506-7",
	doi="10.1007/978-3-540-75506-7_328",
	url="http://dx.doi.org/10.1007/978-3-540-75506-7_328"
}


@Article{irc,
	title = " The Path of Chemical Reactions-The IRC Approach ",
	author = "K. Fukui",
	journal = "Acc. Chem. Res.",
	pages = "114-363",
	volume = "14",
	year = "1981",
	keywords = "IRC"
}

@Inbook{C++,
	author="Wohlfarth, Ch.",
	editor="Lechner, M.D.",
	title="Dielectric constant of the mixture (1) water; (2) ethanol",
	bookTitle="Supplement to IV/6",
	year="2008",
	publisher="Springer Berlin Heidelberg",
	address="Berlin, Heidelberg",
	pages="520--523",
	isbn="978-3-540-75506-7",
	doi="10.1007/978-3-540-75506-7_328",
	url="http://dx.doi.org/10.1007/978-3-540-75506-7_328"
}
@InBook{cplusplus,
  title="Jumping into C++",
  author={Allain, Alex},
  year={2015}
}

@InBook{mcquarrieQuantumChemistry,
  title={Quantum Chemistry},
  author={McQuarrie, D.A.},
  isbn={9781891389504},
  year={2008},
  publisher={University Science Books},
  pages="34--36"
}
@InBook{espectroZuniga,
  title={Espectroscop{\'\i}a},
  author={Rodr{\'\i}guez, A.R. and Rom{\'a}n, J.Z.},
  isbn={9788420536774},
  year={2004},
  publisher={Pearson Educaci{\'o}n},
  pages="181--188"
}
@InBook{marionAnglesEuler,
  title={Classical Dynamics of Particles and Systems},
  author={Thornton, S. T. and Marion, J. B.},
  isbn={9780534408961},
  year={2003},
  publisher={Brooks/Cole},
  pages={440--444}
}

@InBook{dragoGeoTransform,
  title={Physical methods for chemists},
  author={Drago, R.S.},
  isbn={9780030751769},
  year={1992},
  publisher={Saunders College Pub.}
  pages={30-34}
}
@InBook{Cuevas2003,
 title={Introducción a la química computacional},
 author={G. Cuevas, F. Cortés},
 isbn={968-167105-8},
 year={2003},
 publisher={Fondo de Cultura Económica},
 pages={},
}

@InBook{Lewars2016,
 title={Computational Chemistry: Introduction to the Theory and Applications of Molecular and Quantum Mechanics},
 author={Errol G. Lewars},
 isbn={978-3-319-30914-9},
 year={2016},
 publisher={Springer Netherlands},
 pages={},
}

@InBook{McQuarrie1976,
title={Statistical Mechanics},
author={McQuarrie},
isbn={06-044366-9},
year={1976},
publisher={Harper and Row},
pages={},
}

@article{Nicolaides1996,
author = {Nicolaides, Athanassios and Rauk, Arvi and Glukhovtsev, Mikhail N. and Radom, Leo},
title = {Heats of Formation from G2, G2(MP2), and G2(MP2,SVP) Total Energies},
journal = {The Journal of Physical Chemistry},
volume = {100},
number = {44},
pages = {17460-17464},
year = {1996},
doi = {10.1021/jp9613753},

URL = {
        https://doi.org/10.1021/jp9613753
},
eprint = {
        https://doi.org/10.1021/jp9613753
}
}

@book{NIST1998,
  author = {M.W. Chase},
  title = {NIST-JANAF Thermochemical Tables, 4th Edition},
  year = {1998},
  month = {1998-08-01},
  publisher = {American Institute of Physics},
  language = {en},
}

@article{Tajti2004,
author = {Tajti,Attila  and Szalay,Péter G.  and Császár,Attila G.  and Kállay,Mihály  and Gauss,Jürgen  and Valeev,Edward F.  and Flowers,Bradley A.  and Vázquez,Juana  and Stanton,John F. },
title = {HEAT: High accuracy extrapolated ab initio thermochemistry},
journal = {The Journal of Chemical Physics},
volume = {121},
number = {23},
pages = {11599-11613},
year = {2004},
doi = {10.1063/1.1811608},

URL = { 
        https://doi.org/10.1063/1.1811608
    
},
eprint = { 
        https://doi.org/10.1063/1.1811608
    
}

}

@article{Ximello2020,
author = {Ximello, Arturo and Ramos, Fernando and Rojas, Aarón and Hernández-Pérez, Julio M. and Camarillo, E. Adriana and Solano-Altamirano, J. M. and Sandoval-Lira, Jacinto and Flores, Henoc},
title = {Experimental and Theoretical Thermochemical Study of Nitrobenzaldehyde Isomers},
journal = {Journal of Chemical \& Engineering Data},
volume = {65},
number = {10},
pages = {4935-4945},
year = {2020},
doi = {10.1021/acs.jced.0c00562},

URL = {
        https://doi.org/10.1021/acs.jced.0c00562

},
eprint = {
        https://doi.org/10.1021/acs.jced.0c00562

}

}

@article{Simmie2015,
author = {Simmie, John M. and Somers, Kieran P.},
title = {Benchmarking Compound Methods (CBS-QB3, CBS-APNO, G3, G4, W1BD) against the Active Thermochemical Tables: A Litmus Test for Cost-Effective Molecular Formation Enthalpies},
journal = {The Journal of Physical Chemistry A},
volume = {119},
number = {28},
pages = {7235-7246},
year = {2015},
doi = {10.1021/jp511403a},
    note ={PMID: 25580800},

URL = { 
        https://doi.org/10.1021/jp511403a
    
},
eprint = { 
        https://doi.org/10.1021/jp511403a
    
}

}

@InBook{Chang2008,
title={Fisicoquímica para las ciencias químicas y biológicas},
author={Raymong Chang},
isbn={0-891389-06-8},
year={2008},
publisher={McGraw-Hill Interamericana},
pages={},
}

@InBook{Garritz2005,
title={Química universitaria},
author={Garritz Ruiz, Andoni; Gasque Silva, Laura y Martínez Vázquez},
isbn={970-26-0292-0},
year={2005},
publisher={Pearson Educación de México},
pages={},
}

@InBook{Brown2014,
title={Química, la ciencia central},
author={Brown, Theodore L.},
isbn={978-607-32-2237-2},
year={2014},
publisher={Pearson Educación de México},
pages={},
}

